@article{darling2010progressivemauve,
  title={progressiveMauve: multiple genome alignment with gene gain, loss and rearrangement},
  author={Darling, Aaron E and Mau, Bob and Perna, Nicole T},
  journal={PloS one},
  volume={5},
  number={6},
  pages={e11147},
  year={2010},
  publisher={Public Library of Science San Francisco, USA}
}
@article{armstrong2020progressive,
  title={Progressive Cactus is a multiple-genome aligner for the thousand-genome era},
  author={Armstrong, Joel and Hickey, Glenn and Diekhans, Mark and Fiddes, Ian T and Novak, Adam M and Deran, Alden and Fang, Qi and Xie, Duo and Feng, Shaohong and Stiller, Josefin and others},
  journal={Nature},
  volume={587},
  number={7833},
  pages={246--251},
  year={2020},
  publisher={Nature Publishing Group}
}
@article{roberts2004reducing,
  title={Reducing storage requirements for biological sequence comparison},
  author={Roberts, Michael and Hayes, Wayne and Hunt, Brian R and Mount, Stephen M and Yorke, James A},
  journal={Bioinformatics},
  volume={20},
  number={18},
  pages={3363--3369},
  year={2004},
  publisher={Oxford University Press}
}
@article{li2018minimap2,
  title={Minimap2: pairwise alignment for nucleotide sequences},
  author={Li, Heng},
  journal={Bioinformatics},
  volume={34},
  number={18},
  pages={3094--3100},
  year={2018},
  publisher={Oxford University Press}
}
@article{marccais2018mummer4,
  title={MUMmer4: A fast and versatile genome alignment system},
  author={Mar{\c{c}}ais, Guillaume and Delcher, Arthur L and Phillippy, Adam M and Coston, Rachel and Salzberg, Steven L and Zimin, Aleksey},
  journal={PLoS computational biology},
  volume={14},
  number={1},
  pages={e1005944},
  year={2018},
  publisher={Public Library of Science San Francisco, CA USA}
}
@article{gautreau2020ppanggolin,
  title={PPanGGOLiN: depicting microbial diversity via a partitioned pangenome graph},
  author={Gautreau, Guillaume and Bazin, Adelme and Gachet, Mathieu and Planel, R{\'e}mi and Burlot, Laura and Dubois, Mathieu and Perrin, Amandine and M{\'e}digue, Claudine and Calteau, Alexandra and Cruveiller, St{\'e}phane and others},
  journal={PLoS computational biology},
  volume={16},
  number={3},
  pages={e1007732},
  year={2020},
  publisher={Public Library of Science San Francisco, CA USA}
}
@article{wick2015bandage,
  title={Bandage: interactive visualization of de novo genome assemblies},
  author={Wick, Ryan R and Schultz, Mark B and Zobel, Justin and Holt, Kathryn E},
  journal={Bioinformatics},
  volume={31},
  number={20},
  pages={3350--3352},
  year={2015},
  publisher={Oxford University Press}
}
@article{ding2018panx,
  title={panX: pan-genome analysis and exploration},
  author={Ding, Wei and Baumdicker, Franz and Neher, Richard A},
  journal={Nucleic acids research},
  volume={46},
  number={1},
  pages={e5--e5},
  year={2018},
  publisher={Oxford University Press}
}
@article{o2016reference,
  title={Reference sequence (RefSeq) database at NCBI: current status, taxonomic expansion, and functional annotation},
  author={O'Leary, Nuala A and Wright, Mathew W and Brister, J Rodney and Ciufo, Stacy and Haddad, Diana and McVeigh, Rich and Rajput, Bhanu and Robbertse, Barbara and Smith-White, Brian and Ako-Adjei, Danso and others},
  journal={Nucleic acids research},
  volume={44},
  number={D1},
  pages={D733--D745},
  year={2016},
  publisher={Oxford University Press}
}
@article{oliveira2017chromosomal,
  title={The chromosomal organization of horizontal gene transfer in bacteria},
  author={Oliveira, Pedro H and Touchon, Marie and Cury, Jean and Rocha, Eduardo PC},
  journal={Nature communications},
  volume={8},
  number={1},
  pages={1--11},
  year={2017},
  publisher={Nature Publishing Group}
}
@article{colquhoun2021pandora,
  title={Pandora: nucleotide-resolution bacterial pan-genomics with reference graphs},
  author={Colquhoun, Rachel M and Hall, Michael B and Lima, Leandro and Roberts, Leah W and Malone, Kerri M and Hunt, Martin and Letcher, Brice and Hawkey, Jane and George, Sophie and Pankhurst, Louise and others},
  journal={Genome biology},
  volume={22},
  number={1},
  pages={1--30},
  year={2021},
  publisher={BioMed Central}
}
@article{iqbal2012novo,
  title={De novo assembly and genotyping of variants using colored de Bruijn graphs},
  author={Iqbal, Zamin and Caccamo, Mario and Turner, Isaac and Flicek, Paul and McVean, Gil},
  journal={Nature genetics},
  volume={44},
  number={2},
  pages={226--232},
  year={2012},
  publisher={Nature Publishing Group}
}
@article{muggli2017succinct,
  title={Succinct colored de Bruijn graphs},
  author={Muggli, Martin D and Bowe, Alexander and Noyes, Noelle R and Morley, Paul S and Belk, Keith E and Raymond, Robert and Gagie, Travis and Puglisi, Simon J and Boucher, Christina},
  journal={Bioinformatics},
  volume={33},
  number={20},
  pages={3181--3187},
  year={2017},
  publisher={Oxford University Press}
}
@article{eizenga2020pangenome,
  title={Pangenome graphs},
  author={Eizenga, Jordan M and Novak, Adam M and Sibbesen, Jonas A and Heumos, Simon and Ghaffaari, Ali and Hickey, Glenn and Chang, Xian and Seaman, Josiah D and Rounthwaite, Robin and Ebler, Jana and others},
  journal={Annual review of genomics and human genetics},
  volume={21},
  pages={139--162},
  year={2020},
  publisher={Annual Reviews}
}
@misc{whibley2021changing,
  title={The changing face of genome assemblies: Guidance on achieving high-quality reference genomes},
  author={Whibley, Annabel and Kelley, Joanna L and Narum, Shawn R},
  year={2021},
  publisher={Wiley Online Library}
}
@article{page2015roary,
  title={Roary: rapid large-scale prokaryote pan genome analysis},
  author={Page, Andrew J and Cummins, Carla A and Hunt, Martin and Wong, Vanessa K and Reuter, Sandra and Holden, Matthew TG and Fookes, Maria and Falush, Daniel and Keane, Jacqueline A and Parkhill, Julian},
  journal={Bioinformatics},
  volume={31},
  number={22},
  pages={3691--3693},
  year={2015},
  publisher={Oxford University Press}
}
@article{arnold2021horizontal,
  title={Horizontal gene transfer and adaptive evolution in bacteria},
  author={Arnold, Brian J and Huang, I and Hanage, William P and others},
  journal={Nature Reviews Microbiology},
  pages={1--13},
  year={2021},
  publisher={Nature Publishing Group}
}
@article{neher2013coalescence,
  title={Coalescence and genetic diversity in sexual populations under selection},
  author={Neher, Richard A and Kessinger, Taylor A and Shraiman, Boris I},
  journal={Proceedings of the National Academy of Sciences},
  volume={110},
  number={39},
  pages={15836--15841},
  year={2013},
  publisher={National Acad Sciences}
}
@article{bezanson2017julia,
  title={Julia: A fresh approach to numerical computing},
  author={Bezanson, Jeff and Edelman, Alan and Karpinski, Stefan and Shah, Viral B},
  journal={SIAM review},
  volume={59},
  number={1},
  pages={65--98},
  year={2017},
  publisher={SIAM}
}
@article{hudson2002generating,
  title={Generating samples under a Wright--Fisher neutral model of genetic variation},
  author={Hudson, Richard R},
  journal={Bioinformatics},
  volume={18},
  number={2},
  pages={337--338},
  year={2002},
  publisher={Oxford University Press}
}
@article{saitou1987neighbor,
  title={The neighbor-joining method: a new method for reconstructing phylogenetic trees.},
  author={Saitou, Naruya and Nei, Masatoshi},
  journal={Molecular biology and evolution},
  volume={4},
  number={4},
  pages={406--425},
  year={1987}
}
@article{feng1987progressive,
  title={Progressive sequence alignment as a prerequisitetto correct phylogenetic trees},
  author={Feng, Da-Fei and Doolittle, Russell F},
  journal={Journal of molecular evolution},
  volume={25},
  number={4},
  pages={351--360},
  year={1987},
  publisher={Springer}
}
@article{tettelin2008comparative,
  title={Comparative genomics: the bacterial pan-genome},
  author={Tettelin, Herv{\'e} and Riley, David and Cattuto, Ciro and Medini, Duccio},
  journal={Current opinion in microbiology},
  volume={11},
  number={5},
  pages={472--477},
  year={2008},
  publisher={Elsevier}
}
@article{hurgobin2017snp,
  title={SNP discovery using a pangenome: has the single reference approach become obsolete?},
  author={Hurgobin, Bhavna and Edwards, David},
  journal={Biology},
  volume={6},
  number={1},
  pages={21},
  year={2017},
  publisher={Multidisciplinary Digital Publishing Institute}
}
@article{sakoparnig2021whole,
  title={Whole genome phylogenies reflect the distributions of recombination rates for many bacterial species},
  author={Sakoparnig, Thomas and Field, Chris and van Nimwegen, Erik},
  journal={Elife},
  volume={10},
  pages={e65366},
  year={2021},
  publisher={eLife Sciences Publications Limited}
}
@article{myers2005fragment,
  title={The fragment assembly string graph},
  author={Myers, Eugene W},
  journal={Bioinformatics},
  volume={21},
  number={suppl\_2},
  pages={ii79--ii85},
  year={2005},
  publisher={Oxford University Press}
}